<record><leader>00000cas a2200000 a 4500</leader><controlfield tag="001">2264966</controlfield><controlfield tag="008">760620d18301850nyuwr ne      0    0eng c</controlfield><datafield ind1=" " ind2=" " tag="010"><subfield code="a">sn 85054545 </subfield></datafield><datafield ind1=" " ind2=" " tag="040"><subfield code="a">PIT</subfield><subfield code="b">eng</subfield><subfield code="c">PIT</subfield><subfield code="d">NYS</subfield><subfield code="d">NPH</subfield><subfield code="d">KNP</subfield><subfield code="d">NPH</subfield><subfield code="d">KNP</subfield><subfield code="d">YOX</subfield><subfield code="d">NPH</subfield><subfield code="d">KNP</subfield><subfield code="d">NYS</subfield><subfield code="d">YOX</subfield><subfield code="d">CNW</subfield><subfield code="d">MGN</subfield><subfield code="d">RHN</subfield><subfield code="d">YOX</subfield><subfield code="d">CNK</subfield><subfield code="d">MGN</subfield><subfield code="d">NVF</subfield><subfield code="d">OCL</subfield><subfield code="d">NVK</subfield><subfield code="d">CVF</subfield><subfield code="d">OCL</subfield><subfield code="d">NYS</subfield><subfield code="d">NVF</subfield><subfield code="d">NYS</subfield><subfield code="d">GUA</subfield><subfield code="d">KRTAS</subfield><subfield code="d">OCLCQ</subfield><subfield code="d">OCLCF</subfield><subfield code="d">OCLCO</subfield></datafield><datafield ind1="1" ind2=" " tag="029"><subfield code="a">AU@</subfield><subfield code="b">000005315085</subfield></datafield><datafield ind1=" " ind2=" " tag="042"><subfield code="a">pcc</subfield></datafield><datafield ind1=" " ind2=" " tag="043"><subfield code="a">n-us-ny</subfield></datafield><datafield ind1="0" ind2=" " tag="130"><subfield code="a">New-York evangelist (New York, N.Y. : 1830)</subfield></datafield><datafield ind1="1" ind2="4" tag="245"><subfield code="a">The New-York evangelist.</subfield></datafield><datafield ind1=" " ind2=" " tag="260"><subfield code="a">New-York [N.Y.] :</subfield><subfield code="b">Hunt &amp; Johnson,</subfield><subfield code="c">1830-1850.</subfield></datafield><datafield ind1=" " ind2=" " tag="300"><subfield code="a">v.</subfield></datafield><datafield ind1=" " ind2=" " tag="310"><subfield code="a">Weekly</subfield></datafield><datafield ind1="0" ind2=" " tag="362"><subfield code="a">Vol. 1, no. 1 (Mar. 6, 1830)-v. 21, no. 17 (Apr. 25, 1850).</subfield></datafield><datafield ind1=" " ind2=" " tag="500"><subfield code="a">Publisher varies: Hunt &amp; Johnson, 1830-&lt;&gt;; William Beach &amp; Co., &lt;Sept. 1831-Dec. 1831&gt;; S.W. Benedict &amp; Co., &lt;Jan. 1833-Feb. 1836&gt;; Coolidge &amp; Lambert, &lt;Aug. 1838-April 1839&gt;; Hunt &amp; Johnson, &lt;May 1840&gt;; H. Wickes &amp; Co., &lt;1842&gt;; W.H. Bidwell, &lt;1846&gt;</subfield></datafield><datafield ind1=" " ind2=" " tag="500"><subfield code="a">Abolitionist newspapers.</subfield></datafield><datafield ind1=" " ind2=" " tag="515"><subfield code="a">Some issues bear whole numbering.</subfield></datafield><datafield ind1=" " ind2=" " tag="530"><subfield code="a">Also issued on microfilm from University Microfilms International (American periodical series: 1800-1850); also available online.</subfield></datafield><datafield ind1=" " ind2="0" tag="650"><subfield code="a">Evangelistic work</subfield><subfield code="z">New York (State)</subfield><subfield code="z">New York</subfield><subfield code="v">Newspapers.</subfield></datafield><datafield ind1=" " ind2="0" tag="650"><subfield code="a">Protestant churches</subfield><subfield code="z">United States</subfield><subfield code="v">Newspapers.</subfield></datafield><datafield ind1=" " ind2="0" tag="650"><subfield code="a">Antislavery movements</subfield><subfield code="z">New York (State)</subfield><subfield code="v">Newspapers.</subfield></datafield><datafield ind1=" " ind2="0" tag="651"><subfield code="a">New York (N.Y.)</subfield><subfield code="v">Newspapers.</subfield></datafield><datafield ind1=" " ind2="0" tag="651"><subfield code="a">New York County (N.Y.)</subfield><subfield code="v">Newspapers.</subfield></datafield><datafield ind1=" " ind2="7" tag="655"><subfield code="a">Newspapers.</subfield><subfield code="2">fast</subfield><subfield code="0">(OCoLC)fst01423814</subfield></datafield><datafield ind1=" " ind2="7" tag="650"><subfield code="a">Antislavery movements.</subfield><subfield code="2">fast</subfield><subfield code="0">(OCoLC)fst00810800</subfield></datafield><datafield ind1=" " ind2="7" tag="650"><subfield code="a">Evangelistic work.</subfield><subfield code="2">fast</subfield><subfield code="0">(OCoLC)fst00917035</subfield></datafield><datafield ind1=" " ind2="7" tag="650"><subfield code="a">Protestant churches.</subfield><subfield code="2">fast</subfield><subfield code="0">(OCoLC)fst01079875</subfield></datafield><datafield ind1=" " ind2="7" tag="651"><subfield code="a">New York (State)</subfield><subfield code="2">fast</subfield><subfield code="0">(OCoLC)fst01210280</subfield></datafield><datafield ind1=" " ind2="7" tag="651"><subfield code="a">New York (State)</subfield><subfield code="z">New York.</subfield><subfield code="2">fast</subfield><subfield code="0">(OCoLC)fst01204333</subfield></datafield><datafield ind1=" " ind2="7" tag="651"><subfield code="a">New York (State)</subfield><subfield code="z">New York County.</subfield><subfield code="2">fast</subfield><subfield code="0">(OCoLC)fst01234953</subfield></datafield><datafield ind1=" " ind2="7" tag="651"><subfield code="a">United States.</subfield><subfield code="2">fast</subfield><subfield code="0">(OCoLC)fst01204155</subfield></datafield><datafield ind1=" " ind2=" " tag="752"><subfield code="a">United States</subfield><subfield code="b">New York</subfield><subfield code="c">New York</subfield><subfield code="d">New York.</subfield></datafield><datafield ind1="1" ind2=" " tag="776"><subfield code="t">New-York evangelist (New York, N.Y. : 1830 : Online)</subfield><subfield code="w">(DLC)  2008266615</subfield><subfield code="w">(OCoLC)71000908</subfield></datafield><datafield ind1="0" ind2="5" tag="780"><subfield code="t">Congregational observer</subfield><subfield code="g">May 1842</subfield><subfield code="w">(DLC)sn 87080505</subfield><subfield code="w">(OCoLC)15541101</subfield></datafield><datafield ind1="0" ind2="7" tag="785"><subfield code="t">New-York Presbyterian</subfield><subfield code="w">(DLC)sn 93062959</subfield><subfield code="w">(OCoLC)8245285</subfield></datafield><datafield ind1="0" ind2="7" tag="785"><subfield code="t">New-York evangelist and New-York Presbyterian</subfield><subfield code="w">(DLC)sn 87060178</subfield><subfield code="w">(OCoLC)15358831</subfield></datafield><datafield ind1="4" ind2="1" tag="856"><subfield code="u">http://proquest.umi.com/pqdweb</subfield></datafield><datafield ind1=" " ind2=" " tag="938"><subfield code="a">Kirtas Technologies, Inc.</subfield><subfield code="b">KRTS</subfield><subfield code="n">735663</subfield></datafield></record>